<?xml version="1.0" encoding="UTF-8"?><collection xmlns="http://www.loc.gov/MARC21/slim"><record><leader>00477nam--2200193-u-4500</leader><controlfield tag="001">000056790</controlfield><controlfield tag="002">20190709</controlfield><controlfield tag="005">20190709083051</controlfield><controlfield tag="008">190709s1000------------r-----000-0-fra-d</controlfield><datafield ind1=" " ind2=" " tag="040"><subfield code="a">IFIN-HH</subfield></datafield><datafield ind1=" " ind2=" " tag="041"><subfield code="a">fra</subfield></datafield><datafield ind1="1" ind2=" " tag="100"><subfield code="a">Landau, L</subfield></datafield><datafield ind1="1" ind2="0" tag="245"><subfield code="a">Theorie de l'asticite</subfield><subfield code="c">L. Landau' E. Lifchitz</subfield></datafield><datafield ind1=" " ind2=" " tag="260"><subfield code="a">Moscou</subfield><subfield code="b">Editions Mir</subfield><subfield code="c">1967</subfield></datafield><datafield ind1=" " ind2=" " tag="300"><subfield code="a">206 p</subfield></datafield><datafield ind1=" " ind2=" " tag="500"><subfield code="a">Donatie Dan Brancus</subfield></datafield><datafield ind1="1" ind2=" " tag="700"><subfield code="a">Lifchitz, E</subfield></datafield><datafield ind1=" " ind2=" " tag="852"><subfield code="a">82735</subfield><subfield code="c">539.9</subfield></datafield><datafield ind1=" " ind2=" " tag="CAT"><subfield code="a">SYS</subfield><subfield code="c">20190709</subfield><subfield code="h">083051</subfield></datafield></record></collection>